<record><leader>00000cas a22000007a 4500</leader><controlfield tag="001">10043847</controlfield><controlfield tag="008">831021d18171824nyuwr ne      0    0eng d</controlfield><datafield ind1=" " ind2=" " tag="010"><subfield code="a">sn 83031752 </subfield></datafield><datafield ind1=" " ind2=" " tag="040"><subfield code="a">NPU</subfield><subfield code="b">eng</subfield><subfield code="c">NPU</subfield><subfield code="d">NPY</subfield><subfield code="d">NPX</subfield><subfield code="d">DLC</subfield><subfield code="d">NYG</subfield><subfield code="d">NYS</subfield><subfield code="d">OCL</subfield><subfield code="d">OCLCG</subfield><subfield code="d">OCLCQ</subfield><subfield code="d">OCLCO</subfield><subfield code="d">OCLCF</subfield><subfield code="d">NLC</subfield></datafield><datafield ind1=" " ind2=" " tag="016"><subfield code="a">(AMICUS)000021194109</subfield></datafield><datafield ind1="1" ind2=" " tag="029"><subfield code="a">AU@</subfield><subfield code="b">000025832624</subfield></datafield><datafield ind1=" " ind2=" " tag="042"><subfield code="a">msc</subfield></datafield><datafield ind1=" " ind2=" " tag="043"><subfield code="a">n-us-ny</subfield></datafield><datafield ind1="0" ind2="0" tag="050"><subfield code="a">Newspaper 8829-X</subfield></datafield><datafield ind1="0" ind2="0" tag="245"><subfield code="a">Waterloo gazette.</subfield></datafield><datafield ind1=" " ind2=" " tag="260"><subfield code="a">Waterloo, N.Y. :</subfield><subfield code="b">George Lewis</subfield></datafield><datafield ind1=" " ind2=" " tag="300"><subfield code="a">volumes ;</subfield><subfield code="c">51 cm</subfield></datafield><datafield ind1=" " ind2=" " tag="310"><subfield code="a">Weekly</subfield></datafield><datafield ind1=" " ind2=" " tag="336"><subfield code="a">text</subfield><subfield code="b">txt</subfield><subfield code="2">rdacontent</subfield></datafield><datafield ind1=" " ind2=" " tag="337"><subfield code="a">unmediated</subfield><subfield code="b">n</subfield><subfield code="2">rdamedia</subfield></datafield><datafield ind1=" " ind2=" " tag="338"><subfield code="a">volume</subfield><subfield code="b">nc</subfield><subfield code="2">rdacarrier</subfield></datafield><datafield ind1="1" ind2=" " tag="362"><subfield code="a">Began with May 28, 1817 issue.</subfield><subfield code="z">Cf. Faibisoff, S.F.A. bibl. of newspapers in fourteen N.Y. counties.</subfield></datafield><datafield ind1="1" ind2=" " tag="362"><subfield code="a">Ceased in 1824 .</subfield><subfield code="z">Cf. NIM, 1948-1983.</subfield></datafield><datafield ind1=" " ind2=" " tag="500"><subfield code="a">Publishers: George Lewis, 1817; Hiram Leavenworth, 1817-1818; H. Leavenworth for J. M'Lean &amp; H. Leavenworth, 1818; Hiram Leavenworth, 1818-&lt;1821&gt;.</subfield></datafield><datafield ind1=" " ind2=" " tag="500"><subfield code="a">Supported "People's Ticket," &lt;1820&gt;; "Republican," &lt;1821&gt;.</subfield></datafield><datafield ind1="4" ind2=" " tag="510"><subfield code="a">Shaw &amp; Shoemaker</subfield><subfield code="c">42839</subfield></datafield><datafield ind1="4" ind2=" " tag="510"><subfield code="a">Brigham, C.S. Amer. newspapers,</subfield><subfield code="c">p. 754</subfield></datafield><datafield ind1=" " ind2=" " tag="588"><subfield code="a">Description based on: Vol. 1, no. 6 (July 2, 1817).</subfield></datafield><datafield ind1=" " ind2="0" tag="651"><subfield code="a">Waterloo (N.Y.)</subfield><subfield code="v">Newspapers.</subfield></datafield><datafield ind1=" " ind2="7" tag="655"><subfield code="a">Newspapers.</subfield><subfield code="2">fast</subfield><subfield code="0">(OCoLC)fst01423814</subfield></datafield><datafield ind1=" " ind2="7" tag="651"><subfield code="a">New York (State)</subfield><subfield code="z">Waterloo.</subfield><subfield code="2">fast</subfield><subfield code="0">(OCoLC)fst01220668</subfield></datafield><datafield ind1="1" ind2=" " tag="700"><subfield code="a">Lewis, George,</subfield><subfield code="d">-1839.</subfield></datafield><datafield ind1="1" ind2=" " tag="700"><subfield code="a">Leavenworth, Hiram,</subfield><subfield code="d">1797-1857.</subfield></datafield><datafield ind1="1" ind2=" " tag="700"><subfield code="a">M'Lean, John.</subfield></datafield><datafield ind1=" " ind2=" " tag="752"><subfield code="a">United States</subfield><subfield code="b">New York</subfield><subfield code="c">Seneca</subfield><subfield code="d">Waterloo.</subfield></datafield></record>